@article{metaginstpub,
  title={Ado{\c{c}}{\~a}o de m{\'e}todos {\'a}geis em uma Institui{\c{c}}{\~a}o P{\'u}blica de grande porte-um estudo de caso},
  author={Melo, Claudia de O and Ferreira, Gisele RM},
  journal={Mensagem do Coordenador de Programa do WBMA},
  pages={112},
  year={2010}
}
@book{cohn2009succeeding,
  title={Succeeding with Agile: Software Development Using Scrum},
  author={Cohn, M.},
  isbn={9780321660565},
  url={http://books.google.com.br/books?id=8IglA6i\_JwAC},
  year={2009},
  publisher={Pearson Education}
}